
@Article{Bezuidenhoudt2017,
  author   = {Bezuidenhoudt, A and Sonnendecker, PW and Crouse, PL},
  title	   = {Temperature and pressure effects on the product distribution of PTFE pyrolysis by means of qualitative, in-line FTIR analysis},
  journal  = {Polymer Degradation and Stability},
  year	   = 2017,
  pages	   = {79-88},
  volume   = {142}
}

@Thesis{Brink2015,
  author		= {Brink, HG and Nicol, W},
  title			= {Production analysis of biofilm fermentation under homogeneous shear conditions},
  school		= {University of Pretoria, Pretoria},
  year		    = 2015,
  type          = {PhD Thesis}
}

@Book{Cengel2015,
  author		= {{\c{C}}engel, YA and Ghajar, AJ},
  title			= {Heat and Mass Transfer: Fundamentals \& Applications},
  publisher		= {McGraw-Hill},
  year			= 2015,
  address		= {New York},
  edition		= 5
}

@misc{deVaal2003,
  author		= {De Vaal, P and Sandrock, C},
  title			= {Implementation of a model based controller on a batch pulp digester for improved control},
  year		= 2003,
  address = {paper presented at ESCAPE-13 Conference, 1--4 June 2003, Lappeenranta, Finland}
}

@Article{DuPlessis2007,
  author		= {{Du Plessis}, B},
  title			= {Using spreadsheets as curve fitting tools},
  journal		= {Chemical Engineering},
  year		= 2007,
  volume		= {114},
  number    = {5},
  pages		= {66-69}
}

@misc{DuToit2018,
  author		= {{Du Toit}, E},
  title			= {Reactor design advice},
  year		= 2018,
  howpublished = {{Personal Communication,}},
  address   = {Department of Chemical Engineering, University of Pretoria}
}

@online{Endres2019,
  author = {Endres, S},
  title = {Simplicial Homology Global Optimisation},
  year = 2019,
  url = {https://stefan-endres.github.io/shgo/},
  urldate = {2019-04-24}
}

@Patent{Heydenrych2019,
  author		= {Heydenrych, M and {Del Fabbro}, O and Focke, W and Labuschagne, F and Merckel, R},
  title			= {Oxygenate reduction catalyst and process},
  number		= {US20190070593A1},
  year		= 2019,
  address   = {assigned to University
of Pretoria (Pretoria, ZA), United States}
}

@misc{Microsoft2019,
  author		= {Microsoft},
  title			= {Solver optimization options,},
  year		= 2019,
  address   = {Excel Solver options}
}

@Article{Musee2011,
  author		= {Musee, N and Thwala, M and Nota, N},
  title			= {The antibacterial effects of engineered nanomaterials: implications for wastewater treatment plants},
  journal		= {Journal of Environmental Monitoring},
  year		= 2011,
  volume		= {13},
  number    = {5},
  pages		= {1164-1183}
}

@incollection{Sandrock2010,
  author      = {Sandrock, C},
  title       = {Identification and generation of realistic input sequences for stochastic simulation with Markov processes},
  editor      = {Cakaj, S},
  booktitle   = {Modeling Simulation and Optimization-Tolerance and Optimal Control},
  publisher   = {Intech Press},
  url         = {https://www.intechopen.com/books/modeling-simulation-and-optimization- tolerance-and-optimal-control/identification-and-generation-of-realistic-input- sequences-for-stochastic-simulation-with-markov-pro},
  urldate     = {2019-04-24},
  year        = 2010,
  DOI     = {10.5772/9035},
}

@Article{Tichapondwa2016,
  author		= {Tichapondwa, S and Focke, W and {Del Fabbro}, O and Gisby, J and Kelly, C},
  title			= {A comparative study of Si-BaSO$_4$ and Si-CaSO$_4$ pyrotechnic time-delay compositions},
  journal		= {Journal of Energetic Materials},
  year		= 2016,
  volume		= {34},
  number    = {3},
  pages		= {342-356}
}

@Thesis{vanHeerden2015,
  author		= {{Van Heerden}, X},
  title			= {The influence of three different intercalation methods on the properties of exfoliated graphite},
  School		= {University of Pretoria, Pretoria},
  year		= 2015,
  type = {Master's Dissertation}
}

@incollection{Wankat2008,
  author      = {Wankat, P and Knaebel, K},
  title       = {Rules of thumb for diffusivities},
  editor      = {Green, D and Perry, R},
  booktitle   = {Perry's Chemical Engineers' Handbook},
  publisher   = {McGraw-Hill},
  address     = {New York},
  year        = 2008
}